@article{antialiasing,
    author = {V\"{a}lim\"{a}ki, V. and Huovilainen, A.},
    citeulike-article-id = {1158178},
    citeulike-linkout-0 = {http://ieeexplore.ieee.org/xpls/abs\_all.jsp?arnumber=4117934},
    journal = {Signal Processing Magazine, IEEE},
    keywords = {alias-reducing, aliasing, audio-signal-processing, bandlimited-oscillator, blep, blit, dpw, dpw2x, oscillator, phasor, ployblep, quasi-bandlimited, sawtooth, sound-synthesis, spm-special-issue},
    number = {2},
    pages = {116--125},
    posted-at = {2007-03-13 10:56:40},
    priority = {2},
    title = {Antialiasing Oscillators in Subtractive Synthesis},
    url = {http://ieeexplore.ieee.org/xpls/abs\_all.jsp?arnumber=4117934},
    volume = {24},
    year = {2007}
}

